@misc{web:df,
  title = "Design fundamentals",
  url = "https://msdn.microsoft.com/en-us/library/ee658094.aspx#Scalability",
  urldate = "2017-01-11"
},

@misc{web:software,
  title = "Software Quality Attributes",
  url = "http://www.advoss.com/software-quality-attributes-compatibility.html",
  urldate = "2017-01-11"
},

@misc{web:bus-doc,
  title = "Business Dictionary",
  url = "http://www.businessdictionary.com/definition/constraint.html",
  urldate = "2017-01-11"
},

@misc{web:git-spring,
  title = "Spring Boot",
  url = "https://github.com/spring-projects/spring-boot",
  urldate = "2016-12-16"
},

@misc{web:spring-issue,
  title = "Spring Boot",
  url = "https://jira.spring.io/browse/SPR-9888",
  urldate = "2016-12-16"
},

@misc{web:iso,
	title = "ISO 25010 Quality Model",
	url = "https://disciplinas.stoa.usp.br/pluginfile.php/294901/mod_resource/content/1/ISO%2025010%20-%20Quality%20Model.pdf",
	urldate = "2011-08-19"
},

@misc{web:documentation,
  title = "Introduction to the Spring Framework",
  url = "http://docs.spring.io/spring/docs/current/spring-framework-reference/html/overview.html",
  urldate = "2016-12-18"
},

@misc{web:survey,
  title = "Top Java Web Frameworks",
  url = "https://zeroturnaround.com/rebellabs/top-4-java-web-frameworks-revealed-real-life-usage-data-of-spring-mvc-vaadin-gwt-and-jsf/",
  urldate = "2016-01-06"
},

@misc{web:sb,
  title = "Spring Boot",
  url = "https://github.com/spring-projects/spring-boot",
  urldate = "2017-01-06"
},

@misc{web:sp,
  title = "Spring design patterns",
  url = "https://premaseem.wordpress.com/2013/02/09/spring-design-patterns-used-in-java-spring-framework/",
  urldate = "2017-01-08"
},

@article{web:ood,
title = {Design Patterns Abstraction and Reuse of Object Oriented Design},
author = {Erich Gamma and Richard Helm and Ralph Johnson and John Vlissides },
urldate = "2017-01-08"
},

@book{book:design-patterns,
  author = {Erich Gamma and Richard Helm and Ralph Johnson and John Vlissides},
  title = {Design Patterns: Elements of Reusable Object-oriented Software},
  year = {1995},
  isbn = {0-201-63361-2},
  publisher = {Addison-Wesley Longman Publishing Co., Inc.},
  address = {Boston, MA, USA},
}
